@misc{beznosikov2023order,
      title={First Order Methods with Markovian Noise: from Acceleration to Variational Inequalities},
      author={Aleksandr Beznosikov and Sergey Samsonov and Marina Sheshukova and Alexander Gasnikov and Alexey Naumov and Eric Moulines},
      year={2023},
      eprint={2305.15938},
      archivePrefix={arXiv},
      primaryClass={math.OC}
}
@misc{gasnikov2024randomized,
      title={Randomized gradient-free methods in convex optimization},
      author={Alexander Gasnikov and Darina Dvinskikh and Pavel Dvurechensky and Eduard Gorbunov and Aleksander Beznosikov and Aleksandr Lobanov},
      year={2024},
      eprint={2211.13566},
      archivePrefix={arXiv},
      primaryClass={math.OC}
}
@article{Nesterov1983AMF,
  title={A method for solving the convex programming problem with convergence rate $O(1/k^2)$},
  author={Yurii Nesterov},
  journal={Proceedings of the USSR Academy of Sciences},
  year={1983},
  volume={269},
  pages={543-547},
  url={https://api.semanticscholar.org/CorpusID:145918791}
}
@misc{lucchi2022theoretical,
      title={On the Theoretical Properties of Noise Correlation in Stochastic Optimization},
      author={Aurelien Lucchi and Frank Proske and Antonio Orvieto and Francis Bach and Hans Kersting},
      year={2022},
      eprint={2209.09162},
      archivePrefix={arXiv},
      primaryClass={math.OC}
}
@misc{lobanov2023zeroorder,
      title={Zero-Order Stochastic Conditional Gradient Sliding Method for Non-smooth Convex Optimization},
      author={Aleksandr Lobanov and Anton Anikin and Alexander Gasnikov and Alexander Gornov and Sergey Chukanov},
      year={2023},
      eprint={2303.02778},
      archivePrefix={arXiv},
      primaryClass={math.OC}
}
@misc{bogdanov2024aspects,
      title={New Aspects of Black Box Conditional Gradient: Variance Reduction and One Point Feedback},
      author={Andrey Veprikov, Alexander Bogdanov, Vladislav Minashkin, Aleksandr Beznosikov, Alexander Gasnikov},
      year={2024}
}
@misc{gorbunov2020accelerated,
      title={An Accelerated Method for Derivative-Free Smooth Stochastic Convex Optimization},
      author={Eduard Gorbunov and Pavel Dvurechensky and Alexander Gasnikov},
      year={2020},
      eprint={1802.09022},
      archivePrefix={arXiv},
      primaryClass={math.OC}
}
